@online{dataset,
	title = {Dataset Description},
	url = {https://archive.ics.uci.edu/ml/datasets/Dota2+Games+Results#},
	urldate = {2021-02-11}
}

@online{mappings,
	title = {Hero name to ID mappings},
	url = {https://github.com/kronusme/dota2-api/blob/master/data/heroes.json},
	urldate = {2021-02-11}
}
